@article{appiah2003return,
  title={Return predictability in African stock markets},
  author={Appiah-Kusi, Joe and Menyah, Kojo},
  journal={Review of financial economics},
  volume={12},
  number={3},
  pages={247--270},
  year={2003},
  publisher={Elsevier}
}

@article{malkiel1970efficient,
title={Efficient capital markets: A review of theory and empirical work},
  author={Malkiel, Burton G and Fama, Eugene F},
  journal={The journal of Finance},
  volume={25},
  number={2},
  pages={383--417},
  year={1970},
  publisher={Wiley Online Library}
}

@article{sobreiro2016profitability,
  title={The profitability of moving average trading rules in BRICS and emerging stock markets},
  author={Sobreiro, Vinicius Amorim and da Costa, Thiago Raymon Cruz Cacique and Naz{\'a}rio, Rodolfo Tor{\'\i}bio Farias and e Silva, J{\'e}ssica Lima and Moreira, Eduardo Alves and Lima Filho, Marcius Correia and Kimura, Herbert and Zambrano, Juan Carlos Arismendi},
  journal={The North American Journal of Economics and Finance},
  volume={38},
  pages={86--101},
  year={2016},
  publisher={Elsevier}
}

@article{park2007we,
  title={What do we know about the profitability of technical analysis?},
  author={Park, Cheol-Ho and Irwin, Scott H},
  journal={Journal of Economic Surveys},
  volume={21},
  number={4},
  pages={786--826},
  year={2007},
  publisher={Wiley Online Library}
}

@article{lo1988stock,
  title={Stock market prices do not follow random walks: Evidence from a simple specification test},
  author={Lo, Andrew W and MacKinlay, A Craig},
  journal={The review of financial studies},
  volume={1},
  number={1},
  pages={41--66},
  year={1988},
  publisher={Oxford University Press}
}

@article{okkelsfinancial,
  title={Financial Forecasting},
  author={Okkels, Christian Birch}
}

@article{gunasekarage2001profitability,
  title={The profitability of moving average trading rules in South Asian stock markets},
  author={Gunasekarage, Abeyratna and Power, David M},
  journal={Emerging Markets Review},
  volume={2},
  number={1},
  pages={17--33},
  year={2001},
  publisher={Elsevier}
}

@article{bessembinder1998market,
  title={Market efficiency and the returns to technical analysis},
  author={Bessembinder, Hendrik and Chan, Kalok},
  journal={Financial management},
  pages={5--17},
  year={1998},
  publisher={JSTOR}
}

@article{brock1992simple,
  title={Simple technical trading rules and the stochastic properties of stock returns},
  author={Brock, William and Lakonishok, Josef and LeBaron, Blake},
  journal={The Journal of finance},
  volume={47},
  number={5},
  pages={1731--1764},
  year={1992},
  publisher={Wiley Online Library}
}
@article{fama1991efficient,
  title={Efficient capital markets: II},
  author={Fama, Eugene F},
  journal={The journal of finance},
  volume={46},
  number={5},
  pages={1575--1617},
  year={1991},
  publisher={Wiley Online Library}
}
@article{fong2005chasing,
  title={Chasing trends: recursive moving average trading rules and internet stocks},
  author={Fong, Wai Mun and Yong, Lawrence HM},
  journal={Journal of Empirical Finance},
  volume={12},
  number={1},
  pages={43--76},
  year={2005},
  publisher={Elsevier}
}
@article{ming2006profitability,
  title={The profitability of the simple moving averages and trading range breakout in the Asian stock markets},
  author={Ming-Ming, Lai and Siok-Hwa, Lau},
  journal={Journal of Asian Economics},
  volume={17},
  number={1},
  pages={144--170},
  year={2006},
  publisher={Elsevier}
}
@Manual{,
    title = {quantmod: Quantitative Financial Modelling Framework},
    author = {Jeffrey A. Ryan and Joshua M. Ulrich},
    year = {2017},
    note = {R package version 0.4-10},
    url = {https://CRAN.R-project.org/package=quantmod},
  }
@Manual{,
    title = {TTR: Technical Trading Rules},
    author = {Joshua Ulrich},
    year = {2017},
    note = {R package version 0.23-2},
    url = {https://CRAN.R-project.org/package=TTR},
  }

@Online{FNB,
 author = {},
 title = {FNB: FAQs - Buying and selling},
 year = {2017}, 
 url = {https://www.fnb.co.za/share-investing/shares-faqs-buying-selling.html},
 urldate = {2017-09-14}

}